@article{gu2016blind,
  title={Blind X-ray CT Image Reconstruction from Polychromatic Poisson Measurements},
  author={Gu, Renliang and Dogand{\v{z}}i{\'c}, Aleksandar},
  journal={IEEE Transactions on Computational Imaging},
  volume={2},
  number={2},
  pages={150--165},
  year={2016},
  publisher={IEEE}
}

@article{de1999metal,
  title={Metal streak artifacts in X-ray computed tomography: a simulation study},
  author={De Man, Bruno and Nuyts, Johan and Dupont, Patrick and Marchal, Guy and Suetens, Paul},
  journal={IEEE Transactions on Nuclear Science},
  volume={46},
  number={3},
  pages={691--696},
  year={1999},
  publisher={IEEE}
}

@article{de2000reduction,
  title={Reduction of metal streak artifacts in x-ray computed tomography using a transmission maximum a posteriori algorithm},
  author={De Man, Bruno and Nuyts, Johan and Dupont, Patrick and Marchal, Guy and Suetens, Paul},
  journal={IEEE transactions on nuclear science},
  volume={47},
  number={3},
  pages={977--981},
  year={2000}
}

@article{de2001iterative,
  title={An iterative maximum-likelihood polychromatic algorithm for CT},
  author={De Man, Bruno and Nuyts, Johan and Dupont, Patrick and Marchal, Guy and Suetens, Paul},
  journal={IEEE transactions on medical imaging},
  volume={20},
  number={10},
  pages={999--1008},
  year={2001},
  publisher={IEEE}
}

@article{nuyts2013modelling,
  title={Modelling the physics in the iterative reconstruction for transmission computed tomography},
  author={Nuyts, Johan and De Man, Bruno and Fessler, Jeffrey A and Zbijewski, Wojciech and Beekman, Freek J},
  journal={Physics in medicine and biology},
  volume={58},
  number={12},
  pages={R63},
  year={2013},
  publisher={IOP Publishing}
}

@article{nuyts1998iterative,
  title={Iterative reconstruction for helical CT: a simulation study},
  author={Nuyts, John and De Man, Bruno and Dupont, Patrick and Defrise, Michel and Suetens, Paul and Mortelmans, Luc},
  journal={Physics in medicine and biology},
  volume={43},
  number={4},
  pages={729},
  year={1998},
  publisher={IOP Publishing}
}

@inproceedings{nuyts1997iterative,
  title={Iterative reconstruction of transmission sinograms with low signal to noise ratio},
  author={Nuyts, Johan and Dupont, Patrick and Mortelmans, Luc},
  booktitle={2nd IEEE Workshop CMP: can we beat the curse of dimensionality (Prague, Czech Republic, Aug. 28-30, 1996)},
  pages={237--248},
  year={1997}
}

@article{avrin1978clinical,
  title={Clinical application of Compton and photo-electric reconstruction in computed tomography: preliminary results.},
  author={Avrin, David E and Macovski, Albert and Zatz, Leslie M},
  journal={Investigative radiology},
  volume={13},
  number={3},
  pages={217--222},
  year={1978},
  publisher={LWW}
}

@article{thibault2007three,
  title={A three-dimensional statistical approach to improved image quality for multislice helical CT},
  author={Thibault, Jean-Baptiste and Sauer, Ken D and Bouman, Charles A and Hsieh, Jiang},
  journal={Medical physics},
  volume={34},
  number={11},
  pages={4526--4544},
  year={2007},
  publisher={American Association of Physicists in Medicine}
}

@article{yu2011fast,
  title={Fast model-based X-ray CT reconstruction using spatially nonhomogeneous ICD optimization},
  author={Yu, Zhou and Thibault, Jean-Baptiste and Bouman, Charles A and Sauer, Ken D and Hsieh, Jiang},
  journal={IEEE Transactions on image processing},
  volume={20},
  number={1},
  pages={161--175},
  year={2011},
  publisher={IEEE}
}

@article{jin2015model,
  title={A model-based image reconstruction algorithm with simultaneous beam hardening correction for X-ray CT},
  author={Jin, Pengchong and Bouman, Charles A and Sauer, Ken D},
  journal={IEEE Transactions on Computational Imaging},
  volume={1},
  number={3},
  pages={200--216},
  year={2015},
  publisher={IEEE}
}

@article{hsieh2013recent,
  title={Recent advances in CT image reconstruction},
  author={Hsieh, Jiang and Nett, Brian and Yu, Zhou and Sauer, Ken and Thibault, Jean-Baptiste and Bouman, Charles A},
  journal={Current Radiology Reports},
  volume={1},
  number={1},
  pages={39--51},
  year={2013},
  publisher={Springer}
}

@article{zhang2014model,
  title={Model-based iterative reconstruction for dual-energy X-ray CT using a joint quadratic likelihood model},
  author={Zhang, Ruoqiao and Thibault, Jean-Baptiste and Bouman, Charles A and Sauer, Ken D and Hsieh, Jiang},
  journal={IEEE transactions on medical imaging},
  volume={33},
  number={1},
  pages={117--134},
  year={2014},
  publisher={IEEE}
}

@article{venkatakrishnan2016phantom,
  title={A phantom-based forward projection approach in support of model-based iterative reconstructions for HAADF-STEM tomography},
  author={Venkatakrishnan, SV and Drummy, LF and Jackson, MA and Bouman, CA and Simmons, JP and De Graef, M},
  journal={Ultramicroscopy},
  volume={160},
  pages={7--17},
  year={2016},
  publisher={Elsevier}
}






















